@ARTICLE{Prakash2017,
author={Aaditya {Prakash} and Nick {Moran} and Solomon {Garber} and Antonella {DiLillo} and James {Storer}},
title={Semantic Perceptual Image Compression using Deep Convolution Networks},
year={2017},
}